@misc{TwitterApi:2015,
 author               = {Twitter},
 month                = {September},
 title                = {FAQ Twitter},
 url                  = {https://dev.twitter.com/faq},
 year                 = {2015},
 }
@misc{TwitterComp:2015,
 author               = {Twitter},
 month                = {September},
 title                = {FAQ Twitter},
 url                  = {https://about.twitter.com/company},
 year                 = {2015},
 }
@article{TwitterUser:2015,
 author               = {Noor Aspasia Hasibuan, CNN Indonesia},
 month                = {March},
 title                = {Jumlah Pengguna Twitter di Indonesia Akhirnya Terungkap},
 url                  = {http://www.cnnindonesia.com/teknologi/20150326141025-185-42076/jumlah-pengguna-twitter-di-indonesia-akhirnya-terungkap/},
 year                 = {2015},
 }
@article{WhatisNN:2015,
 author               = {Chris Stergiou},
 month                = {September},
 title                = {What is a Neural Network?},
 url                  = {http://www.doc.ic.ac.uk/~nd/surprise_96/journal/vol1/cs11/article1.html},
 year                 = {2015},
 }
@misc{TwitterDef:2015,
 author               = {Twitter},
 month                = {September},
 title                = {FAQ Twitter},
 url                  = {https://support.twitter.com/articles/20169365},
 year                 = {2015},
 }
@misc{KendaraanMotorBandung:2014,
 author               = {Dinas Perhubungan Kota Bandung},
 month                = {September},
 title                = {Jumlah Kendaraan Bermotor (Umum Dan Tidak Umum)},
 url                  = {http://dishub.bandung.go.id/?p=193},
 year                 = {2014},
 }
@misc{PanjangJalanBandung:2014,
 author               = {Dinas Perhubungan Kota Bandung},
 month                = {September},
 title                = {Panjang Jalan Menurut Status di Wilayah Kota Bandung},
 url                  = {http://dishub.bandung.go.id/?p=201},
 year                 = {2014},
 }
@misc{RFCOAuth:2012,
 author               = {D. Hardt, Ed},
 month                = {October},
 title                = {The OAuth 2.0 Authorization Framework},
 url                  = {http://tools.ietf.org/html/rfc6749},
 year                 = {2012},
}
@misc{StreamingAPI:2015,
 author               = {Twitter},
 month                = {September},
 title                = {The Streaming APIs},
 url                  = {https://dev.twitter.com/streaming/overview},
 year                 = {2015},
 }
@misc{RESTAPI:2015,
 author               = {Twitter},
 month                = {September},
 title                = {The Streaming APIs},
 url                  = {https://dev.twitter.com/rest/public},
 year                 = {2015},
 }
@misc{Twitter4j:2015,
 author               = {Twitter},
 month                = {September},
 title                = {The Streaming APIs},
 url                  = {http://twitter4j.org/en/index.html},
 year                 = {2015},
 }